<?xml version="1.0" encoding="UTF-8"?><record xmlns="http://www.loc.gov/MARC21/slim" xmlns:cinclude="http://apache.org/cocoon/include/1.0" xmlns:zs="http://www.loc.gov/zing/srw/">
  <leader>00613nz  a2200145n  4500</leader>
  <controlfield tag="001">no2010207283</controlfield>
  <controlfield tag="003">DLC</controlfield>
  <controlfield tag="005">20101224075123.0</controlfield>
  <controlfield tag="008">101222n| acannaabn          |a ana     c</controlfield>
  <datafield tag="010" ind1=" " ind2=" ">
    <subfield code="a">no2010207283</subfield>
  </datafield>
  <datafield tag="035" ind1=" " ind2=" ">
    <subfield code="a">(OCoLC)oca08723565</subfield>
  </datafield>
  <datafield tag="040" ind1=" " ind2=" ">
    <subfield code="a">NjP</subfield>
    <subfield code="b">eng</subfield>
    <subfield code="c">NjP</subfield>
  </datafield>
  <datafield tag="110" ind1="2" ind2=" ">
    <subfield code="a">Kentron Spoudōn Geōrgiou I. Dolianitē (Athens, Greece).</subfield>
    <subfield code="b">Tmēma Logotechnias</subfield>
  </datafield>
  <datafield tag="410" ind1="2" ind2=" ">
    <subfield code="a">Kentron Spoudōn Geōrgiou I. Dolianitē (Athens, Greece).</subfield>
    <subfield code="b">Literature Depart.</subfield>
  </datafield>
  <datafield tag="670" ind1=" " ind2=" ">
    <subfield code="a">Logotechnika chronika, kalokairi 1970:</subfield>
    <subfield code="b">t.p. verso (Kentrou Spoudōn G. Dolianitē, Tmēma Logotechnias; Study Center G. Dolianitis, Literature Depart.)</subfield>
  </datafield>
</record>